%@ARTICLE{BibZhd_2009,
%  author = {Бибов А.Ю. and Жданова М. А.},
%  title = {Экспериментальное исследование аналога списочного декодера Сидельникова с использованием обобщенной марковской модели источника ошибок.},
%  journal = {Информационное противодействие угрозам  терроризма},
%  year = {2009},
%  volume = {13},
%  pages = {151-153}
%}
%@ARTICLE{BibZhd_2010,
%  author = {Бибов А.Ю. and Жданова М. А.},
%  title = {Экспериментальное исследование аналога списочного декодера Сидельникова с использованием обобщенной марковской модели источника ошибок.},
%  journal = {Материалы XI Международной научно-практической конференции «Информационная безопасность», часть 1, Таганрог: Изд-во ТТИ ЮФУ},
%  year = {2010},
%  pages = {221-225}
%}
%
%@ARTICLE{DeuZhd_2010_Ivan,
%  author = {Деундяк В.М. and Жданова М. А.},
%  title = {Обобщенная марковская модель источника ошибок q-ичного цифрового канала нескольких физических состояний},
%  journal = {Математика и ее приложения: ЖИМО. – Иваново: Иванов. гос. ун-т},
%  year = {2010},
%  pages = {221-225}
%}
%@ARTICLE{BibZhd_2010,
%  author = {Бибов А.Ю. and Жданова М. А.},
%  title = {Экспериментальное исследование аналога списочного декодера Сидельникова с использованием обобщенной марковской модели источника ошибок.},
%  journal = {Материалы XI Международной научно-практической конференции «Информационная безопасность», часть 1, Таганрог: Изд-во ТТИ ЮФУ},
%  year = {2010},
%  pages = {221-225}
%}
%@ARTICLE{BibZhd_2010,
%  author = {Бибов А.Ю. and Жданова М. А.},
%  title = {Экспериментальное исследование аналога списочного декодера Сидельникова с использованием обобщенной марковской модели источника ошибок.},
%  journal = {Материалы XI Международной научно-практической конференции «Информационная безопасность», часть 1, Таганрог: Изд-во ТТИ ЮФУ},
%  year = {2010},
%  pages = {221-225}
%}

@BOOK{bib2,
  title = {Название книги},
  publisher = {Издательство},
  year = {2012},
  editor = {Редактор},
  author = {Автор}
}

@CONFERENCE{bib3,
  author = {Автор},
  title = {название тезисов конференции},
  booktitle = {Название сборника},
  year = {2012},
}

@BOOKLET{bib4,
  title = {Название буклета},
  nite = {Заметки}
}

@ARTICLE{bib5,
  author = {Author1 and Author2 and Author3 and Author4},
  title = {``This is english article''},
  journal = {Journal},
  year = {2012},
  volume = {2},
  pages = {200},
  language = {english}
}
