@ARTICLE{BarRou98,
  author  = {Barles, G. and Rouy, E.},
  title   = {A strong comparison result for the {B}ellman equation arising in stochastic exit time control problems
            and its applications},
  journal = {Commun. Part. Diff. Eq.},
  volume  = {22},
  year    = {1998},
  pages   = {1995-2033}
}

@ARTICLE{BarSou91,
  author  = {Barles, G. and Souganidis, P. E.},
  title   = {Convergence of approximation schemes for fully nonlinear second order equations},
  journal = {Asymptot. Anal.},
  volume  = {4},
  year    = {1991},
  pages   = {271-283}
}

@BOOK{Bass11,
  author  = {Bass, R.F.},
  title   = {Stochastic processes},
  address = {Cambridge},
  publisher = {Cambridge University Press},
  year    = {2011}
}

@inproceedings{BatChe67a,
  title={Sequential decisions in the control of a spaceship},
  author={Bather, J. A. and Chernoff, H.},
  booktitle={Fifth Berkeley Symposium on Mathematical Statistics and Probability},
  volume={3},
  pages={181-207},
  year={1967}
}

@article{BatChe67b,
  title={Sequential decisions in the control of a space-ship (finite fuel)},
  author={Bather, J. and Chernoff, H.},
  journal={J. Appl. Prob.},
  volume={4},
  number={3},
  pages={584-604},
  year={1967}
}

@ARTICLE{BaySir13,
 author  = {Bayraktar, E. and S\^irbu, M.},
 title   = {Stochastic {P}erron's method for {H}amilton-{J}acobi-{B}ellman equations},
 journal = {SIAM J. Control Optim.},
 volume  = {51},
 number  = {6},
 year    = {2013},
 pages   = {4274-4294}
}

@article{BayZha15,
author = {Bayraktar, E. and Zhang, Y.},
title = {Stochastic {P}erron's Method for the Probability of Lifetime Ruin Problem Under Transaction Costs},
journal = {SIAM J. Control Optim.},
volume = {53},
number = {1},
pages = {91-113},
year = {2015}
}

@Unpublished{BecBilFre15,
 author  = {Becherer, D. and Bilarev, T. and Frentrup, P.},
 title   = {Multiplicative limit order markets with transient impact and zero spread},
 Year    = {2015},
 Note    = {{P}reprint arXiv:1501.01892 [math.OC], 37 pages}
}


@article{BenSheWit1980,
  title={Some solvable stochastic control problems},
  author={Bene{\v{s}}, V. E. and Shepp, L. A. and Witsenhausen, H. S.},
  journal={Stochastics},
  volume={4},
  number={1},
  pages={39-83},
  year={1980}
}

@article{BenLonPerSet12,
  title={Impulse control with random reaction periods: A central bank intervention problem},
  author={Bensoussan, A. and Long, H. and Perera, S. and Sethi, S.},
  journal={Oper. Res. Lett.},
  volume={40},
  number={6},
  pages={425-430},
  year={2012}
}

@Unpublished{BiaWuZhe14,
 author  = {Bian, B. and Wu, N. and Zheng, H.},
 title   = {Optimal liquidation in a finite time regime switching model with permanent and temporary pricing impact},
 Year    = {2014},
 Note    = {{P}reprint arXiv:1212.3145v2 [q-fin.PM], 17 pages}
}

@incollection{BriShr92,
year={1992},
booktitle={Applied Stochastic Analysis},
volume={177},
series={Lecture Notes in Control and Information Sciences},
editor={Karatzas, I. and Ocone, D.},
title={Multi-dimensional finite-fuel singular stochastic control},
publisher={Springer Berlin Heidelberg},
author={Bridge, D. S. and Shreve, S. E.},
pages={38-58}
}

@article{Ð¡adZap00,
  title={Classical and impulse stochastic control of the exchange rate using interest rates and reserves},
  author={Cadenillas, A. and Zapatero, F.},
  journal={Math. Financ.},
  volume={10},
  number={2},
  pages={141-156},
  year={2000}
}

@ARTICLE{Cha04,
  author  = {Chaumont, S.},
  title   = {Uniqueness to elliptic and parabolic {H}amilton-{J}acobi-{B}ellman equations with non-smooth boundary},
  journal = {C.R. Math. Acad. Sci. Paris.},
  volume  = {339},
  year    = {2004},
  pages   = {555-560}
}

@article{Che71,
  title={Self-similar solutions of the {B}ellman equation for optimal correction of random disturbances},
  author={Chernous'ko, F. L.},
  journal={J. Appl. Math. Mech.-USS},
  volume={35},
  number={2},
  pages={291-300},
  year={1971}
}

@article{ChoMenRob85,
  title={Additive control of stochastic linear systems with finite horizon},
  author={Chow, P.-L. and Menaldi, J. and Robin, M.},
  journal={SIAM J. Control Optim.},
  volume={23},
  number={6},
  pages={858-899},
  year={1985}
}

@article{ClaVin12,
  title={Stochastic exit time problems arising in process control},
  author={Clark, J. M. C. and Vinter, R. B.},
  journal={Stochastics},
  volume={84},
  number={5-6},
  pages={667-681},
  year={2012}
}

@article{CraLio84,
  author={Crandall, Michael G and Lions, P.-L.},
  title={Two approximations of solutions of Hamilton-Jacobi equations},
  journal={Mathematics of Computation},
  volume={43},
  number={167},
  pages={1--19},
  year={1984}
}

@ARTICLE{CraIshLio92,
  author  = {Crandall, M. and Ishii, H. and Lions, P.-L.},
  title   = {User's guide to viscosity solutions of second-order partial differential equations},
  journal = {Bull. Amer. Math. Soc.},
  volume  = {27},
  number  = {1},
  year    = {1992},
  pages   = {1-67}
}

@article{DufMil02,
  title={Generalized solutions in nonlinear stochastic control problems},
  author={Dufour, F. and Miller, B. M.},
  journal={SIAM J. Control Optim.},
  volume={40},
  number={6},
  pages={1724-1745},
  year={2002}
}

@article{DupMcE97,
  title={Risk-sensitive and robust escape criteria},
  author={Dupuis, P. and McEneaney, W. M.},
  journal={SIAM J. Control Optim.},
  volume={35},
  number={6},
  pages={2021-2049},
  year={1997}
}

@article{ElKKar88,
year={1988},
journal={Acta Appl. Math.},
volume={11},
number={3},
title={Probabilistic aspects of finite-fuel, reflected follower problems},
author={El Karoui, N. and Karatzas, I.},
pages={223-258}
}

@book{FleSon06,
  title={Controlled {M}arkov processes and viscosity solutions},
  author={Fleming, W. H. and Soner, H. M.},
  year={2006},
  publisher={Springer},
  address = {New York},
  edition ={2nd}
}

@book{Fre85,
  title={Functional integration and partial differential equations},
  author={Freidlin, M. I.},
  year={1985},
  address = {Princeton},
  publisher={Princeton University Press}
}

@article{GatSch11,
  title={Optimal trade execution under geometric {B}rownian motion in the {A}lmgren and {C}hriss framework},
  author={Gatheral, J. and Schied, A.},
  journal={Int. J. Theoretical Appl. Finance},
  volume={14},
  number={03},
  pages={353-368},
  year={2011}
}

@book{Giga06,
  author={Giga, Yoshikazu},
  title={Surface evolution equations: A level set approach},
  volume={99},
  year={2006},
  publisher={Springer Science \& Business Media}
}

@BOOK{GilTru01,
  author  = {Gilbarg, D. and Trudinger, N.S.},
  title   = {Elliptic Partial Differential Equations of Second Order},
  address = {Berlin},
  publisher = {Springer},
  year = {2001}
}

@article{HenLian2016,
author = {Henderson, V. and Liang, G.},
title = {A Multidimensional Exponential Utility Indifference Pricing Model with Applications to Counterparty Risk},
journal = {SIAM Journal on Control and Optimization},
volume = {54},
number = {2},
pages = {690-717},
year = {2016},
doi = {10.1137/15M1040293},
}

@article{Jac83,
  title={A finite fuel stochastic control problem},
  author={Jacka, S. D.},
  journal={Stochastics},
  volume={10},
  number={2},
  pages={103-113},
  year={1983}
}

@article{Jac99,
  title={Keeping a satellite aloft: two finite fuel stochastic control models},
  author={Jacka, S. D.},
  journal={J. App. Prob.},
  volume={36},
  number={1},
  pages={1-20},
  year={1999}
}

@article{Jac02,
  title={Avoiding the origin: a finite-fuel stochastic control problem},
  author={Jacka, S.},
  journal={Ann. Appl. Probab.},
  pages={1378-1389},
  year={2002}
}

@article{Ish89,
  title={On uniqueness and existence of viscosity solutions of fully nonlinear second-order elliptic PDE's},
  author={Ishii, H.},
  journal={Commun. Pur. Appl. Math.},
  volume={42},
  number={1},
  pages={15-45},
  year={1989},
  publisher={Wiley Online Library}
}

@article{LiTour16,
  title={Optimal pairs trading with time-varying volatility},
  author={Li, Thomas Nanfeng and Tourin, Agnes},
  journal={International Journal of Financial Engineering},
  volume={3},
  number={03},
  pages={1650023},
  year={2016},
  publisher={World Scientific}
}

@book{Katz14,
  title={An introduction to viscosity solutions for fully nonlinear PDE with applications to calculus of variations in L$\infty$},
  author={Katzourakis, Nikos},
  year={2014},
  publisher={Springer}
}

@article{Kar85,
  title={Probabilistic aspects of finite-fuel stochastic control},
  author={Karatzas, I.},
  journal={Proc. Natl. Acad. Sci. USA},
  volume={82},
  number={17},
  pages={5579-5581},
  year={1985}
}

@article{KarOcoWanZer00,
  title={Finite-fuel singular control with discretionary stopping},
  author={Karatzas, I. and Ocone, D. and Wang, H. and Zervos, M.},
  journal={Stochastics},
  volume={71},
  number={1-2},
  pages={1-50},
  year={2000}
}

@article{KarShr86,
  title={Equivalent models for finite-fuel stochastic control},
  author={Karatzas, I. and Shreve, S. E.},
  journal={Stochastics},
  volume={18},
  number={3-4},
  pages={245-276},
  year={1986}
}

@BOOK{Kry80,
  author  = {Krylov, N. V.},
  title   = {Controlled diffusion processes},
  address = {New York},
  publisher = {Springer},
   year = {1980}
}

@book{Kry96,
  title={Lectures on elliptic and parabolic equations in H{\"o}lder spaces},
  author={Krylov, N. V.},
  volume={12},
  year={1996},
  address = {Providence, RI},
  publisher={American Mathematical Society}
}

@article{MotSar07,
  title={Finite fuel problem in nonlinear singular stochastic control},
  author={Motta, M. and Sartori, C.},
  journal={SIAM J. Control Optim.},
  volume={46},
  number={4},
  pages={1180-1210},
  year={2007}
}

@article{MotSar08a,
  title={Uniqueness of solutions for second order {B}ellman-{I}saacs equations with mixed boundary conditions},
  author={Motta, M. and Sartori, C.},
  journal={Discret. Contin. Dyn. S.},
  volume={20},
  number={4},
  pages={739-765},
  year={2008}
}

@article{MotSar08b,
  title={Uniqueness results for boundary value problems arising from finite fuel and other singular
  and unbounded stochastic control problems},
  author={Motta, M. and Sartori, C.},
  journal={Discret. Contin. Dyn. S.},
  volume={21},
  number={2},
  pages={513-535},
  year={2008}
}

@article{Obe06,
author = {Oberman, A.},
title = {Convergent Difference Schemes for Degenerate Elliptic and Parabolic Equations:
{H}amilton-{J}acobi Equations and Free Boundary Problems},
journal = {SIAM J. Numer. Anal.},
volume = {44},
number = {2},
pages = {879--895},
year = {2006}
}

@article{PemZhaYin07,
  title={Liquidation of a large block of stock},
  author={Pemy, M. and Zhang, Q. and Yin, G.},
  journal={Journal of Bank. Financ.},
  volume={31},
  number={5},
  pages={1295-1305},
  year={2007}
}

@Article{Rok14,
 author  = {Rokhlin, D. B.},
 journal = {J. Math. Anal. Appl.},
 title   = {Verification by stochastic {P}erron's method in stochastic exit time control problems},
 volume  = {419},
 number  = {1},
 pages   = {433-446},
 year    = {2014}
 }
 
 @article{ShaSzo16,
  title={Optimal control of an energy storage facility under a changing economic environment and partial information},
  author={Shardin, Anton A and Sz{\"o}lgyenyi, Michaela},
  journal={International Journal of Theoretical and Applied Finance},
  volume={19},
  number={04},
  pages={1650026},
  year={2016},
  publisher={World Scientific}
}

@article{SudWee92,
  title={A bang-bang strategy for a finite fuel stochastic control problem},
  author={Sudderth, W. D. and Weerasinghe, A. P. N.},
  journal={Adv. Appl. Prob.},
  volume={24},
  number={3},
  pages={589-603},
  year={1992}
}

@incollection{Tour13,
  title={Introduction to finite differences methods},
  author={Tourin, A.},
  booktitle={Optimal Stochastic Control, Stochastic Target Problems, and Backward SDE},
  pages={201-212},
  year={2013},
  publisher={Springer},
  address = {New York}
}

@BOOK{Tou13,
  author  = {Touzi, N.},
  title   = {Optimal stochastic control, stochastic target problems, and backward {S}{D}{E}},
  address = {New York},
  publisher = {Springer},
  series={Fields Institute Monographs, 29},
  year = {2013}
}

DOI 10.1007/978-1-4614-4286-8 13,

@article{Wee92,
  title={A finite fuel stochastic control problem on a finite time horizon},
  author={Weerasinghe, A. P. N.},
  journal={SIAM J. Control Optim.},
  volume={30},
  number={6},
  pages={1395-1408},
  year={1992}
}

@ARTICLE{JeaShi95,
  author = {Ð.~ÐÐ°Ð½Ð±Ð»Ð°Ð½-ÐÐ¸ÐºÐµ and Ð.Ð. Ð¨Ð¸ÑÑÐµÐ².},
  title = {ÐÐ¿ÑÐ¸Ð¼Ð¸Ð·Ð°ÑÐ¸Ñ Ð¿Ð¾ÑÐ¾ÐºÐ° Ð´Ð¸Ð²Ð¸Ð´ÐµÐ½Ð´Ð¾Ð².},
  journal = {\em Ð£ÑÐ¿ÐµÑÐ¸ Ð¼Ð°Ñ. Ð½Ð°ÑÐº},
  year = {1995},
  volume = {50(2)},
  pages = {25--46}
}

@BOOK{Kry77,
  title = {\em Ð£Ð¿ÑÐ°Ð²Ð»ÑÐµÐ¼ÑÐµ Ð¿ÑÐ¾ÑÐµÑÑÑ Ð´Ð¸ÑÑÑÐ·Ð¸Ð¾Ð½Ð½Ð¾Ð³Ð¾ ÑÐ¸Ð¿Ð°},
  publisher = {ÐÐ°ÑÐºÐ°},
  address   = {ÐÐ¾ÑÐºÐ²Ð°},
  year = {1977},
  author = {Ð.Ð. ÐÑÑÐ»Ð¾Ð²}
}

@ARTICLE{DeF57,
  author = {B.~De~Finetti},
  title = {Su unâimpostazione alternativa della teoria collettiva del rischio},
  journal = {\em Transactions of the XVth international congress of {A}ctuaries},
  year = {1957},
  volume = {2(1)},
  pages = {433--443},
  language = {english}
}

@ARTICLE{Zhu14,
  author = {J.~Zhu},
  title = {Dividend optimization for a regime-switching diffusion model with
  restricted dividend rates},
  journal = {\em Astin Bulletin},
  year = {2014},
  volume = {44(2)},
  pages = {459--494},
  language = {english}
}

@ARTICLE{ZhuChen13,
  author = {J.~Zhu and F.~Chen},
  title = {Dividend optimization for regime-switching general diffusions},
  journal = {\em Insurance: Mathematics and Economics},
  year = {2013},
  volume = { 53(2)},
  pages = {439--456},
  language = {english}
}

@BOOK{Pha09,
  title = {\em Continuous-time stochastic control and optimization with
  financial applications},
  publisher = {Springer},
  year = {2009},
  address   = {Berlin},
  author = {H.~Pham}
}

@ARTICLE{MenSiu11,
  author = {H.~Meng and T.K. Siu},
  title = {On optimal reinsurance, dividend and reinvestment strategies},
  journal = {\em Economic Modelling},
  year = {2011},
  volume = {28(1)},
  pages = {211--218},
  language = {english}
}

@ARTICLE{LiaYueGuo11,
  author = {Z.~Liang, K.C. Yuen and J.~Guo},
  title = {Optimal proportional reinsurance and investment in a stock market
  with {O}rnsteinâ{U}hlenbeck process},
  journal = {\em Insurance: Mathematics and Economics},
  year = {2011},
  volume = {49(2)},
  pages = {207--215},
  language = {english}
}

@ARTICLE{BarBot98,
  author = {M.~Bardi and S.~Bottacin},
  title = {On the {D}irichlet problem for nonlinear degenerate elliptic
  equations and applications to optimal control},
  journal = {\em Rend. Sem. Mat. Univ. Pol. Torino},
  year = {1998},
  volume = {56},
  pages = {13--39},
  language = {english}
}

@ARTICLE{JiaPis12,
  author = {Z.~Jiang and M.~Pistorius},
  title = {Optimal dividend distribution under {M}arkov regime switching},
  journal = {\em Finance and Stochastics},
  year = {2012},
  volume = {16(3)},
  pages = {449--476},
  language = {english}
}

@ARTICLE{Ris99,
  author = {R.~Rishel},
  title = {Optimal portfolio management with partial observations and power
  utility function},
  journal = {\em Stochastic analysis, control, optimization and applications, Springer},
  year = {1999},
  volume = {in Honor of {W}.{H}. {F}leming}},
  pages = {605--619},
  language = {english}
}

@ARTICLE{Ava09,
  author = {B.~Avanzi},
  title = {Strategies for dividend distribution: A review},
  journal = {\em North American Actuarial Journal},
  year = {2009},
  volume = {13(2)},
  pages = {217--251},
  language = {english}
}

@ARTICLE{Jen89,
  author = {R.~Jensen},
  title = {Uniqueness criteria for viscosity solutions of fully nonlinear
  elliptic partial differential equations},
  journal = {\em Indiana University mathematics journal},
  year = {1989},
  volume = {38(3)},
  pages = {629--667},
  language = {english}
}

@ARTICLE{RadShe96,
  author = {R.~Radner and L.~Shepp},
  title = {Risk vs. profit potential: A model for corporate strategy},
  journal = {\em Journal of economic dynamics and Control},
  year = {1996},
  volume = {20(8)},
  pages = {1373--1393},
  language = {english}
}

@ARTICLE{BarBur95,
  author = {G.~Barles and J.~Burdeau},
  title = {The {D}irichlet problem for semilinear second-order degenerate
  elliptic equations and applications to stochastic exit time control problems},
  journal = {\em Comm. Partial Differential Equations},
  year = {1995},
  volume = {20(1-2)},
  pages = {129--178},
  language = {english}
}

@ARTICLE{Tak00,
  author = {M.I. Taksar},
  title = {Optimal risk and dividend distribution control models for an
  insurance company},
  journal = {\em Mathematical Methods of Operations Research},
  year = {2000},
  volume = {51(1)},
  pages = {1--42},
  language = {english}
}

@ARTICLE{ShrLehGav84,
  author = {S.E. Shreve, J.P. Lehoczky and D.P. Gaver},
  title = {Optimal consumption for general diffusions with absorbing and
  reflecting barriers},
  journal = {\em SIAM Journal on Control and Optimization},
  year = {1984},
  volume = {22(1)},
  pages = {55--75},
  language = {english}
}

@ARTICLE{PelLae13,
  author = {A.A.J. Pelsser and R.J.A. Laeven},
  title = {Optimal dividends and alm under unhedgeable risk},
  journal = {\em Insurance: Mathematics and Economics},
  year = {2013},
  volume = {53(3)},
  pages = {515--523},
  language = {english}
}

@ARTICLE{HogTak04,
  author = {B.~H{\o}jgaard and M.~Taksar},
  title = {Optimal dynamic portfolio selection for a corporation with
  controllable risk and dividend distribution policy},
  journal = {\em Quantitative Finance},
  year = {2004},
  volume = {4(3)},
  pages = {315--327},
  language = {english}
}

@ARTICLE{AsmTak97,
  author = {S.~Asmussen and M.~Taksar},
  title = {Controlled diffusion models for optimal dividend pay-out},
  journal = {\em Insurance: Mathematics and Economics},
  year = {1997},
  volume = {20(1)},
  pages = {1--15},
  language = {english}
}

@ARTICLE{HogTak99,
  author = {B.~H{\o}jgaard and M.~Taksar},
  title = {Controlling risk exposure and dividends payout schemes: insurance
  company example},
  journal = {\em Mathematical Finance},
  year = {1999},
  volume = {9(2)},
  pages = {153--182},
  language = {english}
}

@ARTICLE{AsmHojTak00,
  author = {S.~Asmussen, B.~H{\o}jgaard and M.~Taksar},
  title = {Optimal risk control and dividend distribution policies. example of
  excess-of loss reinsurance for an insurance corporation},
  journal = {\em Finance and Stochastics},
  year = {2000},
  volume = {4(3)},
  pages = {299--324},
  language = {english}
}

@ARTICLE{AlbTho09,
  author = {H.~Albrecher and S.~Thonhauser},
  title = {Optimality results for dividend problems in insurance},
  journal = {\em RACSAM-Revista de la Real Academia de Ciencias Exactas, Fisicas
  y Naturales. Serie A. Matematicas},
  year = {2009},
  volume = {103(2)},
  pages = {295--320},
  language = {english}
}

@ARTICLE{SotCad11,
  author = {L.R. Sotomayor and A.~Cadenillas},
  title = {Classical and singular stochastic control for the optimal dividend
  policy when there is regime switching},
  journal = {\em Insurance: Mathematics and Economics},
  year = {2011},
  volume = {48(3)},
  pages = {344--354},
  language = {english}
}

@ARTICLE{CadChoTakZha06,
  author = {A.~Cadenillas, T.~Choulli, M.~Taksar and L.~Zhang},
  title = {Classical and impulse stochastic control for the optimization of the
  dividend and risk policies of an insurance firm},
  journal = {\em Mathematical Finance},
  year = {2006},
  volume = {16(1)},
  pages = {181--202},
  language = {english}
}

@ARTICLE{BayZha05,
  author = {Bayraktar, E., Zhang, Y.},
  title = {Stochastic {P}erron's method for the probability of
  lifetime ruin problem under transaction costs},
  journal = {SIAM J. Control Optim.},
  year = {2015},
  volume = {\textbf{53}(1)},
  pages = {91--113},
  language = {english}
}

@unpublished{ArvMos81,
  title={Inventory Investment and the Theory of the Firm},
  author={Arvan, L. and Moses, L.N.},
  note={University of Illinois at Urbana-Champaign, Working paper No. 756, 31 pages},
  year={1981}
}

@article{ArvMos82,
  title={Inventory Investment and the Theory of the Firm},
  author={Arvan, L. and Moses, L.N.},
  journal={Am. Econ. Rev.},
  volume={72},
  number={1},
  pages={186--193},
  year={1982}
}

@BOOK{AusTeb03,
 Author    = {{Auslender A.} and {Teboulle M.}},
 Title     = {Asymptotic cones and functions in optimization and variational inequalities},
 Publisher ={Springer},
 Address   ={New York},
 Year      ={2003}
}

@book{BarCap97,
  title={Optimal control and viscosity solutions of {H}amilton-{J}acobi-{B}ellman equations},
  author={Bardi, M. and Capuzzo-Dolcetta, I.},
  year={1997},
  address = {Boston},
  publisher={Birkhauser}
}

@article{BenHirUrr96,
  title={What is the subdifferential of the closed convex hull of a function?},
  author={Benoist, J. and Hiriart-Urruty, J.-B.},
  journal={SIAM J. Math. Anal.},
  volume={27},
  number={6},
  pages={1661-1679},
  year={1996}
}

@article{CapLio90,
  title={{H}amilton-{J}acobi equations with state constraints},
  author={Capuzzo-Dolcetta, I. and Lions, P.-L.},
  journal={Trans. Amer. Math. Soc.},
  volume={318},
  number={2},
  pages={643--683},
  year={1990}
}

@article{ChaJouTah03,
  title={Production planning and inventories optimization with a general storage cost function},
  author={Chazal, M. and Jouini, E. and Tahraoui, R.},
  journal={Nonlinear Anal.-Theor.},
  volume={54},
  number={8},
  pages={1365--1395},
  year={2003}
}

@incollection{CheLev12,
year={2012},
booktitle={The Oxford Handbook of Pricing Management},
editor={\"{O}zer, \"{O}. and Phillips, R.},
title={Joint Pricing and Inventory Management},
publisher={Oxford University Press},
author={Chen, X. and Simchi-Levi, D.},
address={Oxford},
pages={784-824}
}

@article{EliSte87,
  title={Marketing-production decisions in an industrial channel of distribution},
  author={Eliashberg, J. and Steinberg, R.},
  journal={Manage. Sci.},
  volume={33},
  number={8},
  pages={981-1000},
  year={1987}
}

@incollection{EliSte93,
year={1993},
booktitle={Marketing},
volume={5},
series={Handbooks in operations research and management science},
editor={Elishaberg, J. and Lilien, G.L.},
title={Marketing-production joint decision-making},
publisher={Elsevier Science},
author={Eliashberg, J. and Steinberg, R.},
address={Amsterdam},
pages={65-103}
}

@article{FeiHar85,
  title={Optimal pricing and production in an inventory model},
  author={Feichtinger, G. and Hartl, R.},
  journal={Eur. J. Oper. Res},
  volume={19},
  number={1},
  pages={45-56},
  year={1985}
}

@article{ThoSetTen84,
  title={Strong planning and forecast horizons for a model with simultaneous price and production decisions},
  author={Thompson, G.L. and Sethi, S.P. and Teng, J.T.},
  journal={Eur. J. Oper. Res},
  volume={16},
  number={3},
  pages={378-388},
  year={1984}
}

@article{Him75,
  title={Measurable relations},
  author={Himmelberg, C.J.},
  journal={Fund. Math.},
  volume={87},
  pages={53-72},
  year={1975}
}

@book{HirUrrLem93,
  title={Convex analysis and minimization algorithms II. Advanced theory and bundle methods},
  author={Hiriart-Urruty, J.-B. and Lemar{\'e}chal, C.},
  year={1993},
  publisher={Springer},
  address = {Berlin},
}

@book{HirUrrLem01,
  title={Fundamentals of convex analysis},
  author={Hiriart-Urruty, J.-B. and Lemar{\'e}chal, C.},
  year={2001},
  publisher={Springer},
  address = {Berlin},
}

@BOOK{Leo09,
  author  = {Leoni, G.},
  title   = {A first course in {S}obolev spaces},
  address = {Providence, RI},
  publisher = {Amer. Math. Soc.},
  year = {2009}
}

@ARTICLE{Lor87,
  author  = {Loreti, P.},
  title   = {Some properties of constrained viscosity solutions of {H}amilton-{J}acobi-{B}ellman equations},
  journal = {SIAM J. Control Optim.},
  volume  = {25},
  number  = {5},
  year    = {1987},
  pages   = {1244-1252}
}

@BOOK{Nat64,
  author  = {Natanson, I.P.},
  title   = {Theory of functions of a real variable},
  address = {New York},
  publisher = {Frederick Ungar},
  year = {2009}
}

@ARTICLE{Pek74,
  author  = {Pekelman, D.},
  title   = {Simultaneous Price-Production Decisions},
  journal = {Oper. Res.},
  volume  = {22},
  number  = {4},
  year    = {1974},
  pages   = {788-794}
}

@ARTICLE{Ram91,
  author  = {Ramey, V.A.},
  title   = {Nonconvex Costs and the Behavior of Inventories},
  journal = {J. Polit. Econ.},
  volume  = {99},
  number  = {2},
  year    = {1991},
  pages   = {306-334}
}


@book{Roc70,
  title={Convex Analysis},
  author={Rockafellar, R.T.},
  address = {Princeton},
  publisher={Princeton University Press},
  year={1970}
}

@book{RockWets09,
  title={Variational analysis},
  author={Rockafellar, R.T. and Wets, R.J.-B.},
  year={2009},
  address = {Berlin},
  publisher={Springer-Verlag}
}

@ARTICLE{Son86,
  author  = {Soner, H.M.},
  title   = {Optimal control with state-space constraint. {I}},
  journal = {SIAM J. Control Optim.},
  volume  = {24},
  number  = {3},
  year    = {1986},
  pages   = {552-561}
}

@book{Var92,
  title={Microeconomic analysis},
  author={Varian, H.R.},
  year={1992},
  address = {New York},
  publisher={W. W. Norton}
}

@article{Vill84,
  title={On {L}usin's condition for the inverse function},
  author={Villani, A.},
  journal={Rend. Circ. Mat. Palermo},
  volume={33},
  number={3},
  pages={331-335},
  year={1984}
}

@book{WheZyg77,
  title={Measure and integral: an introduction to real analysis},
  author={Wheeden, R.L. and Zygmund, A.},
  year={1977},
  address = {New York},
  publisher={Marcel Dekker}
}

@incollection{YanGil04,
year={2004},
booktitle={Managing Business Interfaces},
volume={16},
series={International Series in Quantitative Marketing},
editor={Chakravarty, A.K. and Eliashberg, J.},
title={Coordinated Pricing and Production/Procurement Decisions: A Review},
publisher={Springer},
author={Yano, C.A. and Gilbert, S.M.},
address={New York},
pages={65-103}
}
