@article{doi:10.1137/15M1040293,
author = {Henderson, V. and Liang, G.},
title = {A Multidimensional Exponential Utility Indifference Pricing Model with Applications to Counterparty Risk},
journal = {SIAM Journal on Control and Optimization},
volume = {54},
number = {2},
pages = {690-717},
year = {2016},
doi = {10.1137/15M1040293},

URL = { 
        https://doi.org/10.1137/15M1040293
    
},
eprint = { 
        https://doi.org/10.1137/15M1040293
    
}

}


