





@article{doi:10.1137/16M1058492,
author = {Miller, C. and Yang, I.},
title = {Optimal Control of Conditional Value-at-Risk in Continuous Time},
journal = {SIAM Journal on Control and Optimization},
volume = {55},
number = {2},
pages = {856-884},
year = {2017},
doi = {10.1137/16M1058492},

URL = { 
        https://doi.org/10.1137/16M1058492
    
},
eprint = { 
        https://doi.org/10.1137/16M1058492
    
}

}


