





@inbook{doi:10.1137/1.9781611975024.10,
author = {Moustapha Pemy},
title = {Optimal Oil Production and Taxation in Presence of Global Disruptions},
booktitle = {2017 Proceedings of the Conference on Control and its Applications},
chapter = {},
pages = {70-77},
doi = {10.1137/1.9781611975024.10},
URL = {https://epubs.siam.org/doi/abs/10.1137/1.9781611975024.10},
eprint = {https://epubs.siam.org/doi/pdf/10.1137/1.9781611975024.10}
}
