@article{TSAI2018170,
title = "A numerical scheme for a singular control problem: Investment-consumption under proportional transaction costs",
journal = "Journal of Computational and Applied Mathematics",
volume = "333",
pages = "170 - 184",
year = "2018",
issn = "0377-0427",
doi = "https://doi.org/10.1016/j.cam.2017.10.035",
url = "http://www.sciencedirect.com/science/article/pii/S037704271730537X",
author = "Wan-Yu Tsai and Arash Fahim",
keywords = "Hamiltonâ-Jacobi-Bellman equation, Stochastic control, Monte Carlo approximation, Backward stochastic differential equations, Portfolio optimization, Transaction costs"
}