@articleInfo{1547-5816_2017_5_210,
title = "Optimal investment and dividend for an insurer under a Markov regime switching market with high gain tax",
journal = "Journal of Industrial & Management Optimization",
volume = "13",
number = "1547-5816_2017_5_210,
pages = "1",
year = "2017",
note = "",
issn = "1547-5816",
doi = "10.3934/jimo.2018154",
url = "http://aimsciences.org//article/id/ad56e217-3ee6-4146-849b-40b35133860e",
author = "Lin Xu","Dingjun Yao","Gongpin Cheng",keywords = "Optimal investment","dividend","high gain tax","Markov regime switching","weak dynamic programming principle",